<?xml version="1.0" encoding="UTF-8"?><collection xmlns="http://www.loc.gov/MARC21/slim"><record><leader>00360nam--2200133-i-4500</leader><controlfield tag="001">000029996</controlfield><controlfield tag="002">20161230</controlfield><controlfield tag="005">20161230201038</controlfield><controlfield tag="008">060222s1000------------r-----000-0-eng-d</controlfield><datafield ind1=" " ind2=" " tag="080"><subfield code="a">621.311.243(038)</subfield></datafield><datafield ind1=" " ind2=" " tag="100"><subfield code="a">Lasnier, France And Gan Ang, Tony</subfield></datafield><datafield ind1=" " ind2=" " tag="245"><subfield code="a">Photovoltaic engineering handbook</subfield></datafield><datafield ind1=" " ind2=" " tag="260"><subfield code="a">Bristol, Adam Hilger, 1990, Xvii + 548p</subfield></datafield><datafield ind1=" " ind2=" " tag="852"><subfield code="a">80414</subfield></datafield></record></collection>